
@article{NeitlichEtAl2017Trendsspatialpatterns,
	title = {Trends in {Spatial} {Patterns} of {Heavy} {Metal} {Deposition} on {National} {Park} {Service} {Lands} along the {Red} {Dog} {Mine} {Haul} {Road}, {Alaska}, 2001â€“2006},
	volume = {12},
	issn = {1932-6203},
	doi = {10.1371/journal.pone.0177936},
	language = {English},
	number = {5},
	journal = {PLOS ONE},
	author = {Neitlich, Peter N. and Ver Hoef, Jay M. and Berryman, Shanti D. and Mines, Anaka and Geiser, Linda H. and Hasselbach, Linda M. and Shiel, Alyssa E.},
	month = may,
	year = {2017},
	keywords = {Contaminants, Dogs, Heavy metals, Lichenology, Mosses, Roads, Tissue distribution, Zinc},
	pages = {e0177936},
}

@article{VerHoef2012Whoinventeddelta124,
	title = {Who {Invented} the {Delta} {Method}?},
	volume = {66},
	journal = {The American Statistician},
	author = {Ver Hoef, Jay M.},
	year = {2012},
	pages = {124--127},
}
