
@article{mantoglou_turning_1982,
	title = {The {Turning} {Bands} {Method} for simulation of random fields using line generation by a spectral method},
	volume = {18},
	issn = {00431397},
	url = {http://doi.wiley.com/10.1029/WR018i005p01379},
	doi = {10.1029/WR018i005p01379},
	language = {en},
	number = {5},
	urldate = {2022-08-11},
	journal = {Water Resources Research},
	author = {Mantoglou, Aristotelis and Wilson, John L.},
	month = oct,
	year = {1982},
	pages = {1379--1394},
	file = {Mantoglou and Wilson - 1982 - The Turning Bands Method for simulation of random .pdf:/home/jayverhoef/Zotero/storage/XRQE3V26/Mantoglou and Wilson - 1982 - The Turning Bands Method for simulation of random .pdf:application/pdf},
}

@article{matheron_intrinsic_1973,
	title = {The intrinsic random functions and their applications},
	volume = {5},
	number = {3},
	journal = {Advances in Applied Probability},
	author = {Matheron, Georges},
	year = {1973},
	pages = {439--468},
	file = {Full Text:/home/jayverhoef/Zotero/storage/GJFKXKUN/Matheron - 1973 - The intrinsic random functions and their applicati.pdf:application/pdf;Snapshot:/home/jayverhoef/Zotero/storage/JJHYZVRY/F73CA4908E19CFBAA2026ED1F1E17304.html:text/html},
}
