
@article{HoetingEtAl1999Bayesianmodelaveraging382,
	title = {Bayesian {Model} {Averaging}: {A} {Tutorial}},
	journal = {Statistical science},
	author = {Hoeting, Jennifer A and Madigan, David and Raftery, Adrian E and Volinsky, Chris T},
	year = {1999},
	pages = {382--401},
}

@book{BurnhamEtAl2002ModelSelectionMultimodel,
	address = {New York},
	title = {Model {Selection} and {Multimodel} {Inference}: {A} {Practical} {Information}-{Theoretic} {Approach}},
	isbn = {0-387-95364-7},
	publisher = {Springer-Verlag Inc},
	author = {Burnham, Kenneth P. and Anderson, David R.},
	year = {2002},
}

@article{ver_hoef_iterating_2015,
	title = {Iterating on a single model is a viable alternative to multimodel inference},
	volume = {79},
	number = {5},
	journal = {The Journal of Wildlife Management},
	author = {Ver Hoef, Jay M. and Boveng, Peter L.},
	year = {2015},
	note = {Publisher: Wiley Online Library},
	pages = {719--729},
	file = {Full Text:/home/jayverhoef/Zotero/storage/36ISLXA2/Ver Hoef and Boveng - 2015 - Iterating on a single model is a viable alternativ.pdf:application/pdf;Snapshot:/home/jayverhoef/Zotero/storage/99VCR48E/jwmg.html:text/html},
}
