
@article{zhang_inconsistent_2004,
	title = {Inconsistent estimation and asymptotically equal interpolations in model-based geostatistics},
	volume = {99},
	number = {465},
	journal = {Journal of the American Statistical Association},
	author = {Zhang, Hao},
	year = {2004},
	note = {Publisher: Taylor \& Francis},
	pages = {250--261},
	file = {Full Text:/home/jayverhoef/Zotero/storage/8U9HJ56C/Zhang - 2004 - Inconsistent estimation and asymptotically equal i.pdf:application/pdf;Snapshot:/home/jayverhoef/Zotero/storage/89NAQX82/016214504000000241.html:text/html},
}
